@Article{Einstein,
  author =       "Albert Einstein",
  title =        "{Zur Elektrodynamik bewegter K{\"o}rper}. ({German})
                 [{On} the electrodynamics of moving bodies]",
  journal =      "Annalen der Physik",
  volume =       "322",
  number =       "10",
  pages =        "891--921",
  year =         "1905",
  DOI =          "http://dx.doi.org/10.1002/andp.19053221004"
} 


@article{lecun2015deep,
  title={Deep Learning},
  author={LeCun, Yann and Bengio, Yoshua and Hinton, Geoffrey},
  journal={Nature},
  volume={521},
  number={7553},
  pages={436--444},
  year={2015},
  publisher={Nature Publishing Group}
}

@misc{DahlKaggle,
  title = {Deep Learning How I Did It: Merck 1st Place Interview},
  howpublished = {\url{http://blog.kaggle.com/2012/11/01/deep-learning-how-i-did-it-merck-1st-place-interview/}},
  note = {Accessed: 2016-12-10}
}

@article{ma2015deep,
  title={Deep Neural Nets as a Method for Quantitative Structure--Activity Relationships},
  author={Ma, Junshui and Sheridan, Robert P and Liaw, Andy and Dahl, George E and Svetnik, Vladimir},
  journal={J. Chem. Inf. Model.},
  volume={55},
  number={2},
  pages={263--274},
  year={2015},
  publisher={ACS Publications}
}

@article{ramsundar2015massively,
  title={Massively Multitask Networks for Drug Discovery},
  author={Ramsundar, Bharath and Kearnes, Steven and Riley, Patrick and Webster, Dale and Konerding, David and Pande, Vijay},
  journal={arXiv preprint arXiv:1502.02072},
  year={2015}
}

@inproceedings{unterthiner2014deep,
  title={Deep Learning as an Opportunity in Virtual Screening},
  author={Unterthiner, Thomas and Mayr, Andreas and {\"U}nter Klambauer, G and Steijaert, Marvin and Wenger, J{\"o}rg and Ceulemans, Hugo and Hochreiter, Sepp},
  booktitle={Deep Learning and Representation Learning Workshop (NIPS 2014)},
  year={2014}
}

@article{kearnes2016modeling,
  title={Modeling Industrial ADMET Data with Multitask Networks},
  author={Kearnes, Steven and Goldman, Brian and Pande, Vijay},
  journal={arXiv preprint arXiv:1606.08793},
  year={2016}
}

@misc{netflixNever,
  title = {Netflix Never Used Its \$1 Million Algorithm Due to Engineering Costs},
  howpublished = {\url{http://arstechnica.com/gadgets/2012/04/netflix-never-used-its-1-million-algorithm-due-to-engineering-costs/}},
  note = {Accessed: 2016-12-10}
}

@misc{netflixBlog,
  title = {Netflix Recommendations Beyond the 5 stars (Part 1)},
  howpublished = {\url{http://techblog.netflix.com/2012/04/netflix-recommendations-beyond-5-stars.html}},
  note = {Accessed: 2016-12-10}
}

@inproceedings{abadi2016tensorflow,
  title={TensorFlow: A System for Large-Scale Machine Learning},
  author={Abadi, Mart{\'\i}n and Barham, Paul and Chen, Jianmin and Chen, Zhifeng and Davis, Andy and Dean, Jeffrey and Devin, Matthieu and Ghemawat, Sanjay and Irving, Geoffrey and Isard, Michael and Kudlur, Manjunath and Levenberg, Josh
  and Monga, Rajat and Moore, Sherry  and Murray, Derek and Steiner, Benoit and Tucker, Paul  and Vasudevan, Vijay and Warden, Pete and Wicke, Martin and Yu, Yuan  and Zheng, Xiaoqiang 
  },
  booktitle={Proceedings of the 12th USENIX Symposium on Operating Systems Design and Implementation (OSDI). Savannah, Georgia, USA},
  pages={265--283},
  year={2016}
}

@article{bastien2012theano,
  title={Theano: New Features and Speed Improvements},
  author={Bastien, Fr{\'e}d{\'e}ric and Lamblin, Pascal and Pascanu, Razvan and Bergstra, James and Goodfellow, Ian and Bergeron, Arnaud and Bouchard, Nicolas and Warde-Farley, David and Bengio, Yoshua},
  journal={arXiv preprint arXiv:1211.5590},
  year={2012}
}

@misc{chollet2015keras,
  title={Keras: Deep Learning Library for Theano and Tensorflow},
  author={Chollet, Fran{\c{c}}ois},
  year={2015}
}

@article{weininger1988smiles,
  title={SMILES, a Chemical Language and Information System. 1. Introduction to Methodology and Encoding Rules},
  author={Weininger, David},
  journal={J. Chem. Inf. Model.},
  volume={28},
  number={1},
  pages={31--36},
  year={1988},
  publisher={ACS Publications}
}

@article{bemis1996properties,
  title={The Properties of Known Drugs. 1. Molecular Frameworks},
  author={Bemis, Guy W and Murcko, Mark A},
  journal={J. Med. Chem.},
  volume={39},
  number={15},
  pages={2887--2893},
  year={1996},
  publisher={ACS Publications}
}


@misc{deepchem,
  title = {DeepChem: Deep-learning models for Drug Discovery and Quantum Chemistry},
  howpublished = {\url{https://github.com/deepchem/deepchem}},
  note = {Accessed: 2016-12-10}
}

@article{subramanian2016computational,
  title={Computational Modeling of $\beta$-secretase 1 (BACE-1) Inhibitors using Ligand Based Approaches},
  author={Subramanian, Govindan and Ramsundar, Bharath and Pande, Vijay and Denny, Rajiah Aldrin},
  journal={J. Chem. Inf. Model.},
  volume={56},
  number={10},
  pages={1936--1949},
  year={2016},
  publisher={American Chemical Society}
}


@article{altae2017low,
  title={Low Data Drug Discovery with One-Shot Learning},
  author={Altae-Tran, Han and Ramsundar, Bharath and Pappu, Aneesh S and Pande, Vijay},
  journal={ACS Cent. Sci.},
  volume={3},
  number={4},
  pages={283--293},
  year={2017},
  publisher={ACS Publications}
}

@article{rusu2016progressive,
  title={Progressive Neural Networks},
  author={Rusu, Andrei A and Rabinowitz, Neil C and Desjardins, Guillaume and Soyer, Hubert and Kirkpatrick, James and Kavukcuoglu, Koray and Pascanu, Razvan and Hadsell, Raia},
  journal={arXiv preprint arXiv:1606.04671},
  year={2016}
}

@article{pedregosa2011scikit,
  title={Scikit-learn: Machine learning in Python},
  author={Pedregosa, Fabian and Varoquaux, Ga{\"e}l and Gramfort, Alexandre and Michel, Vincent and Thirion, Bertrand and Grisel, Olivier and Blondel, Mathieu and Prettenhofer, Peter and Weiss, Ron and Dubourg, Vincent and Vanderplas, Jake and Passos, Alexandre and Cournapeau, David and Brucher, Matthieu and Perrot, Matthieu and Duchesnay, {\'E}douard},
  journal={Journal of Machine Learning Research (JMLR)},
  volume={12},
  number={Oct},
  pages={2825--2830},
  year={2011}
}

@article{srivastava2014dropout,
  title={Dropout: a Simple Way to Prevent Neural Networks from Overfitting.},
  author={Srivastava, Nitish and Hinton, Geoffrey E and Krizhevsky, Alex and Sutskever, Ilya and Salakhutdinov, Ruslan},
  journal={Journal of Machine Learning Research (JMLR)},
  volume={15},
  number={1},
  pages={1929--1958},
  year={2014}
}

@article{kingma2014adam,
  title={Adam: A Method for Stochastic Optimization},
  author={Kingma, Diederik and Ba, Jimmy},
  journal={arXiv preprint arXiv:1412.6980},
  year={2014}
}

@article{sheridan2013time,
  title={Time-Split Cross-Validation as a Method for Estimating the Goodness of Prospective Prediction.},
  author={Sheridan, Robert P},
  journal={J. Chem. Inf. Model.},
  volume={53},
  number={4},
  pages={783--790},
  year={2013},
  publisher={ACS Publications}
}

@article{breiman2001random,
  title={Random Forests},
  author={Breiman, Leo},
  journal={Machine learning},
  volume={45},
  number={1},
  pages={5--32},
  year={2001},
  publisher={Springer}
}

@article{svetnik2003random,
  title={Random Forest: A Classification and Regression Tool for Compound Classification and QSAR Modeling},
  author={Svetnik, Vladimir and Liaw, Andy and Tong, Christopher and Culberson, J Christopher and Sheridan, Robert P and Feuston, Bradley P},
  journal={J. Chem. Inf. Model.},
  volume={43},
  number={6},
  pages={1947--1958},
  year={2003},
  publisher={ACS Publications}
}

@article{carhart1985atom,
  title={Atom Pairs as Molecular Features in Structure-Activity Studies: Definition and Applications},
  author={Carhart, Raymond E and Smith, Dennis H and Venkataraghavan, R},
  journal={J. Chem. Inf. Model.},
  volume={25},
  number={2},
  pages={64--73},
  year={1985},
  publisher={ACS Publications}
}

@article{kearsley1996chemical,
  title={Chemical Similarity using Physiochemical Property Descriptors},
  author={Kearsley, Simon K and Sallamack, Susan and Fluder, Eugene M and Andose, Joseph D and Mosley, Ralph T and Sheridan, Robert P},
  journal={J. Chem. Inf. Model.},
  volume={36},
  number={1},
  pages={118--127},
  year={1996},
  publisher={ACS Publications}
}

@article{bergstra2012random,
  title={Random Search for Hyper-Parameter Optimization},
  author={Bergstra, James and Bengio, Yoshua},
  journal={Journal of Machine Learning Research (JMLR)},
  volume={13},
  number={Feb},
  pages={281--305},
  year={2012}
}

@article{anastassiadis2011comprehensive,
  title={Comprehensive Assay of Kinase Catalytic Activity Reveals Features of Kinase Inhibitor Selectivity},
  author={Anastassiadis, Theonie and Deacon, Sean W and Devarajan, Karthik and Ma, Haiching and Peterson, Jeffrey R},
  journal={Nature Biotechnol.},
  volume={29},
  number={11},
  pages={1039--1045},
  year={2011},
  publisher={Nature Publishing Group}
}

@inproceedings{covington2016deep,
  title={Deep Neural Networks for Youtube Recommendations},
  author={Covington, Paul and Adams, Jay and Sargin, Emre},
  booktitle={Proceedings of the 10th ACM Conference on Recommender Systems},
  pages={191--198},
  year={2016},
  organization={ACM}
}

@inproceedings{van2016learning,
  title={Learning Values across Many Orders of Magnitude},
  author={van Hasselt, Hado P and Guez, Arthur and Hessel, Matteo and Mnih, Volodymyr and Silver, David},
  journal={Neural Inf. Proc. Sys. (NIPS)},
  pages={4287--4295},
  year={2016}
}

@article{duvenaud2015convolutional,
  title={Convolutional Networks on Graphs for Learning molecular fingerprints},
  author={Duvenaud, David K and Maclaurin, Dougal and Iparraguirre, Jorge and Bombarell, Rafael and Hirzel, Timothy and Aspuru-Guzik, Al{\'a}n and Adams, Ryan P},
  journal={Neural Inf. Proc. Sys. (NIPS)},
  pages={2224--2232},
  year={2015}
}

@article{wu2017moleculenet,
  title={MoleculeNet: A Benchmark for Molecular Machine Learning},
  author={Wu, Zhenqin and Ramsundar, Bharath and Feinberg, Evan N and Gomes, Joseph and Geniesse, Caleb and Pappu, Aneesh S and Leswing, Karl and Pande, Vijay},
  journal={arXiv preprint arXiv:1703.00564},
  year={2017}
}

@article{kendall2017uncertainties,
  title={What Uncertainties Do We Need in Bayesian Deep Learning for Computer Vision?},
  author={Kendall, Alex and Gal, Yarin},
  journal={arXiv preprint arXiv:1703.04977},
  year={2017}
}

@article{varnek2012machine,
  title={Machine learning methods for property prediction in chemoinformatics: quo vadis?},
  author={Varnek, Alexandre and Baskin, Igor},
  journal={Journal of chemical information and modeling},
  volume={52},
  number={6},
  pages={1413--1437},
  year={2012},
  publisher={ACS Publications}
}

@article{rumelhart1988learning,
  title={Learning representations by back-propagating errors},
  author={Rumelhart, David E and Hinton, Geoffrey E and Williams, Ronald J},
  journal={Cognitive modeling},
  year={1988}
}


@article{lusci2013deep,
  title={Deep architectures and deep learning in chemoinformatics: the prediction of aqueous solubility for drug-like molecules},
  author={Lusci, Alessandro and Pollastri, Gianluca and Baldi, Pierre},
  journal={Journal of chemical information and modeling},
  volume={53},
  number={7},
  pages={1563--1575},
  year={2013},
  publisher={ACS Publications}
}

@article{swamidass2009influence,
  title={Influence relevance voting: an accurate and interpretable virtual high throughput screening method},
  author={Swamidass, S Joshua and Azencott, Chlo{\'e}-Agathe and Lin, Ting-Wan and Gramajo, Hugo and Tsai, Shiou-Chuan and Baldi, Pierre},
  journal={Journal of chemical information and modeling},
  volume={49},
  number={4},
  pages={756--766},
  year={2009},
  publisher={ACS Publications}
}

@article{dahl2014multi,
  title={Multi-task Neural Networks for {QSAR} Predictions},
  author={Dahl, George E and Jaitly, Navdeep and Salakhutdinov, Ruslan},
  journal={arXiv preprint arXiv:1406.1231},
  year={2014}
}

@article{shoichet2004virtual,
    title={Virtual screening of chemical libraries},
    author={Shoichet, Brian K},
    journal={Nature},
    volume={432},
    number={7019},
    pages={862--865},
    year={2004},
    publisher={Nature Publishing Group}
}

@article{unterthinerdeep,
  title={Deep Learning as an Opportunity in Virtual Screening},
  author={Unterthiner, Thomas and Mayr, Andreas and {\"u}nter Klambauer, G and Steijaert, Marvin and Wenger, J{\"o}rg and Ceulemans, Hugo and Hochreiter, Sepp}
}

@article{szegedy2014going,
    title={Going deeper with convolutions},
    author={Szegedy, Christian and Liu, Wei and Jia, Yangqing and Sermanet,
    Pierre and Reed, Scott and Anguelov, Dragomir and Erhan, Dumitru and
    Vanhoucke, Vincent and Rabinovich, Andrew},
    journal={arXiv preprint arXiv:1409.4842},
    year={2014}
}

@article{rogers2010extended,
  title={Extended-connectivity fingerprints},
  author={Rogers, David and Hahn, Mathew},
  journal={Journal of chemical information and modeling},
  volume={50},
  number={5},
  pages={742--754},
  year={2010},
  publisher={ACS Publications}
}

@article{rohrer2009maximum,
  title={Maximum unbiased validation ({MUV}) data sets for virtual screening based on PubChem bioactivity data},
  author={Rohrer, Sebastian G and Baumann, Knut},
  journal={Journal of chemical information and modeling},
  volume={49},
  number={2},
  pages={169--184},
  year={2009},
  publisher={ACS Publications}
}

@article{irwin2008community,
  title={Community benchmarks for virtual screening},
  author={Irwin, John J},
  journal={Journal of computer-aided molecular design},
  volume={22},
  number={3-4},
  pages={193--199},
  year={2008},
  publisher={Springer}
}

@article{mysinger2012directory,
  title={Directory of useful decoys, enhanced ({DUD-E}): better ligands and decoys for better benchmarking},
  author={Mysinger, Michael M and Carchia, Michael and Irwin, John J and Shoichet, Brian K},
  journal={Journal of medicinal chemistry},
  volume={55},
  number={14},
  pages={6582--6594},
  year={2012},
  publisher={ACS Publications}
}

@article{jain2008recommendations,
  title={Recommendations for evaluation of computational methods},
  author={Jain, Ajay N and Nicholls, Anthony},
  journal={Journal of computer-aided molecular design},
  volume={22},
  number={3-4},
  pages={133--139},
  year={2008},
  publisher={Springer}
}

@inproceedings{collobert2008unified,
  title={A unified architecture for natural language processing: Deep neural networks with multitask learning},
  author={Collobert, Ronan and Weston, Jason},
  booktitle={Proceedings of the 25th international conference on Machine learning},
  pages={160--167},
  year={2008},
  organization={ACM}
}

@inproceedings{deng2013new,
  title={New types of deep neural network learning for speech recognition and related applications: An overview},
  author={Deng, Li and Hinton, Geoffrey and Kingsbury, Brian},
  booktitle={Acoustics, Speech and Signal Processing (ICASSP), 2013 IEEE International Conference on},
  pages={8599--8603},
  year={2013},
  organization={IEEE}
}

@inproceedings{nair2010rectified,
  title={Rectified linear units improve restricted boltzmann machines},
  author={Nair, Vinod and Hinton, Geoffrey E},
  booktitle={Proceedings of the 27th International Conference on Machine Learning (ICML-10)},
  pages={807--814},
  year={2010}
}

@article{willett1998chemical,
  title={Chemical similarity searching},
  author={Willett, Peter and Barnard, John M and Downs, Geoffrey M},
  journal={Journal of chemical information and computer sciences},
  volume={38},
  number={6},
  pages={983--996},
  year={1998},
  publisher={ACS Publications}
}

@article{wang2012pubchem,
  title={{PubChem}'s {BioAssay} database},
  author={Wang, Yanli and Xiao, Jewen and Suzek, Tugba O and Zhang, Jian and Wang, Jiyao and Zhou, Zhigang and Han, Lianyi and Karapetyan, Karen and Dracheva, Svetlana and Shoemaker, Benjamin A and others},
  journal={Nucleic acids research},
  volume={40},
  number={D1},
  pages={D400--D412},
  year={2012},
  publisher={Oxford Univ Press}
}

@misc{tox21challenge,
howpublished = {\url{https://tripod.nih.gov/tox21/challenge}}
}

@article{lowe2012did,
author = {Lowe, Derek},
title = {{Did Kaggle Predict Drug Candidate Activities? Or Not?}},
journal = {In the Pipeline},
type = {Blog},
year = {December 11, 2012},
howpublished = {\url{http://tinyurl.com/nxs92fp}}
}

@article{dahl2012deep,
author = {Dahl, George},
title = {{Deep Learning How I Did It: Merck 1st place interview}},
journal = {No Free Hunch},
type = {Blog},
year = {November 1, 2012},
howpublished = {\url{http://tinyurl.com/n2putqv}}
}

@article{abdo2010ligand,
  title={Ligand-based virtual screening using bayesian networks},
  author={Abdo, Ammar and Chen, Beining and Mueller, Christoph and Salim, Naomie and Willett, Peter},
  journal={Journal of chemical information and modeling},
  volume={50},
  number={6},
  pages={1012--1020},
  year={2010},
  publisher={ACS Publications}
}

@article{erhan2006collaborative,
  title={Collaborative filtering on a family of biological targets},
  author={Erhan, Dumitru and L'Heureux, Pierre-Jean and Yue, Shi Yi and Bengio, Yoshua},
  journal={Journal of chemical information and modeling},
  volume={46},
  number={2},
  pages={626--635},
  year={2006},
  publisher={ACS Publications}
}

@misc{landrumrdkit,
  title={{RDKit}: Open-source cheminformatics},
  author={Landrum, Greg},
  url = {http://www.rdkit.org}
}



@article{mcgill1978variations,
  title={Variations of box plots},
  author={McGill, Robert and Tukey, John W and Larsen, Wayne A},
  journal={The American Statistician},
  volume={32},
  number={1},
  pages={12--16},
  year={1978},
  publisher={Taylor \& Francis Group}
}

@Article{Einstein,
  author =       "Albert Einstein",
  title =        "{Zur Elektrodynamik bewegter K{\"o}rper}. ({German})
                 [{On} the electrodynamics of moving bodies]",
  journal =      "Annalen der Physik",
  volume =       "322",
  number =       "10",
  pages =        "891--921",
  year =         "1905",
  DOI =          "http://dx.doi.org/10.1002/andp.19053221004"
} 

@article{bolton2008pubchem,
  title={PubChem: integrated platform of small molecules and biological activities},
  author={Bolton, Evan E and Wang, Yanli and Thiessen, Paul A and Bryant, Stephen H},
  journal={Annual reports in computational chemistry},
  volume={4},
  pages={217--241},
  year={2008},
  publisher={Elsevier}
}

@article{pcba_dataset,
  title={PubChem's BioAssay Database},
  author={Wang, Tanli and Xiao, Jewen and Suzek, Tugba O. and Zhang, Jian and Wang, Jiyao and Zhou, Zhigang and Han, Lianyi and Karapetyan, Karen and Dracheva, Svetlana and Shoemaker, Benjamin A and Bolton, Evan and Gindulyte, Asta and Bryant, Stephen H},
  journal={Nucleic Acids Research},
  volume={40},
  pages={D400--D412},
  year={2012},
  publisher={Oxford University Press}
}

@article{gravzulis2009crystallography,
  title={Crystallography Open Database--an open-access collection of crystal structures},
  author={Gra{\v{z}}ulis, Saulius and Chateigner, Daniel and Downs, Robert T and Yokochi, AFT and Quir{\'o}s, Miguel and Lutterotti, Luca and Manakova, Elena and Butkus, Justas and Moeck, Peter and Le Bail, Armel},
  journal={Journal of Applied Crystallography},
  volume={42},
  number={4},
  pages={726--729},
  year={2009},
  publisher={International Union of Crystallography}
}

@article{groom2016cambridge,
  title={The Cambridge structural database},
  author={Groom, Colin R and Bruno, Ian J and Lightfoot, Matthew P and Ward, Suzanna C},
  journal={Acta Crystallographica Section B: Structural Science, Crystal Engineering and Materials},
  volume={72},
  number={2},
  pages={171--179},
  year={2016},
  publisher={International Union of Crystallography}
}

@article{berman2003announcing,
  title={Announcing the worldwide protein data bank},
  author={Berman, Helen and Henrick, Kim and Nakamura, Haruki},
  journal={Nature Structural \& Molecular Biology},
  volume={10},
  number={12},
  pages={980--980},
  year={2003},
  publisher={Nature Publishing Group}
}

@misc{pence2010chemspider,
  title={ChemSpider: an online chemical information resource},
  author={Pence, Harry E and Williams, Antony},
  year={2010},
  publisher={ACS Publications}
}

@article{muv_dataset,
  title={Maximum Unbiased Validation (MUV) Data Sets for Virtual Screening Based on PubChem Bioactivity Data},
  author={Rohrer, Sebastian G and Baumann, Knut},
  journal={Journal of Chemical Information and Modeling},
  volume={49},
  number={2},
  pages={169--184},
  year={2009},
  publisher={ACS Publications}
}

@article{sider_dataset,
  title={The SIDER database of drugs and side effects},
  author={Kuhn, Michael and Letunic, Ivica and Jensen, Lars Juhl and Bork, Peer},
  journal={Nucleic Acids Research},
  volume={44},
  pages={D1075--D41079},
  year={2016},
  publisher={Oxford University Press}
}

@misc{Tox21,
  title = {Tox21 Challenge},
  howpublished = {\url{https://tripod.nih.gov/tox21/challenge/}},
  note = {Accessed: 2017-09-27}
}

@misc{meddra,
  title = {Medical Dictionary for Regulatory Activities},
  howpublished = {\url{http://www.meddra.org/}},
  note = {Accessed: 2017-09-27}
}


@article{altae2016low,
  title={Low Data Drug Discovery with One-shot Learning},
  author={Altae-Tran, Han and Ramsundar, Bharath and Pappu, Aneesh S and Pande, Vijay},
  journal={arXiv preprint arXiv:1611.03199},
  year={2016}
}

@article{toxcast_dataset,
  title={ToxCast Chemical Landscape: Paving the Road to 21st Century Toxicology},
  author={Richard, Ann M and Judson, Richard S and Houck, Keith A and Grulke, Christopher M and Volarath, Patra and Thillainadarajah, Inthirany and Yang, Chihae and Rathman, James and Martin, Matthew T and Wambaugh, John F and Knudsen, Thomas B and Kancherla, Jayaram and Mansouri, Kamel and Patlewicz, Grace and Williams, Antony J and Little, Stephen B and Crofton, Kevin M and Thomas, Russell S},
  journal={Chemical Research in Toxicology},
  volume={29},
  number={8},
  pages={1225--1251},
  year={2016},
  publisher={ACS Publications}
}

@article{ESOL_dataset,
  title={ESOL: Estimating Aqueous Solubility Directly from Molecular Structure},
  author={Delaney, John S},
  journal={Journal of Chemical Information and Modeling},
  volume={44},
  number={3},
  pages={1000--1005},
  year={2004},
  publisher={ACS Publications}
}


@article{GDB7_dataset_prl,
  title={Fast and Accurate Modeling of Molecular Atomization Energies with Machine Learning},
  author={Rupp, Matthias and Tkatchenko, Alexandre and M\"uller, Klaus-Robert and Lilienfeld, O Anatole von},
  journal={Physical Review Letters},
  volume={108},
  number={5},
  pages={058301},
  year={2012},
  publisher={American Physical Society}
}

@article{gomes2017atomic,
  title={Atomic Convolutional Networks for Predicting Protein-Ligand Binding Affinity},
  author={Gomes, Joseph and Ramsundar, Bharath and Feinberg, Evan N and Pande, Vijay S},
  journal={arXiv preprint arXiv:1703.10603},
  year={2017}
}

@article{liu2017retrosynthetic,
  title={Retrosynthetic reaction prediction using neural sequence-to-sequence models},
  author={Liu, Bowen and Ramsundar, Bharath and Kawthekar, Prasad and Shi, Jade and Gomes, Joseph and Luu Nguyen, Quang and Ho, Stephen and Sloane, Jack and Wender, Paul and Pande, Vijay},
  journal={ACS central science},
  volume={3},
  number={10},
  pages={1103--1113},
  year={2017},
  publisher={ACS Publications}
}

@article{ramsundar2017multitask,
  title={Is multitask deep learning practical for pharma?},
  author={Ramsundar, Bharath and Liu, Bowen and Wu, Zhenqin and Verras, Andreas and Tudor, Matthew and Sheridan, Robert P and Pande, Vijay},
  journal={Journal of chemical information and modeling},
  volume={57},
  number={8},
  pages={2068--2076},
  year={2017},
  publisher={ACS Publications}
}

@article{GDB7_dataset_arxiv,
  title={Machine Learning of Molecular Electronic Properties in Chemical Compound Space},
  author={Montavon, Gr\'egoire and Rupp, Matthias and Gobre, Vivekanand and Vazquez-Mayagoitia, Alvaro and Hansen, Katja and Tkatchenko, Alexandre and M\"uller, Klaus-Robert and Lilienfeld, O Anatole von},
  journal={New Journal of Physics},
  volume={15},
  pages={095003},
  year={2013},
  publisher={IOP Publishing}
}

@article{GDB13,
  title={970 Million Druglike Small Molecules for Virtual Screening in the Chemical Universe Database GDB-13},
  author={Blum, Lorenz C and Reymond, Jean-Louis},
  journal={Journal of the American Chemical Society},
  volume={131},
  number={25},
  pages={8732--8733},
  year={2009},
  publisher={ACS Publications}
}

@article{PDBbind1,
  title={The PDBbind database: collection of binding affinities for protein-ligand complexes with known three-dimensional structures},
  author={Wang, Renxiao and Fang, Xueliang and Lu, Yipin and Wang, Shaomeng},
  journal={Journal of Medicinal Chemistry},
  volume={47},
  number={12},
  pages={2977--2980},
  year={2004},
  publisher={ACS Publications}
}

@article{PDBbind2,
  title={The PDBbind database: collection of binding affinities for protein-ligand complexes with known three-dimensional structures},
  author={Wang, Renxiao and Fang, Xueliang and Lu, Yipin and Yang, Chao-Yie and Wang, Shaomeng},
  journal={Journal of Medicinal Chemistry},
  volume={48},
  number={12},
  pages={4111--4119},
  year={2005},
  publisher={ACS Publications}
}

@article{PDBbind3,
  title={PDB-wide collection of binding data: current status of the PDBbind database},
  author={Liu, Zhihai and Li, Yan and Han, Li and Li, Jie and Liu, Jie and Zhao, Zhixiong and Nie, Wei and Liu, Yuchen and Wang, Renxiao},
  journal={Bioinformatics},
  volume={31},
  number={3},
  pages={405--412},
  year={2014},
  publisher={Oxford University Press}
}

@article{FreeSolv,
  title={FreeSolv: a database of experimental and calculated hydration free energies, with input files},
  author={Mobley, David L and Guthrie, J Peter},
  journal={Journal of Computer-Aided Molecular Design},
  volume={28},
  number={7},
  pages={711--720},
  year={2014},
  publisher={Springer}
}

@article{SAMPL4,
  title={Blind prediction of solvation free energies from the SAMPL4 challenge},
  author={Mobley, David L and Wymer, Karisa L and Lim, Nathan M and Guthrie, J Peter},
  journal={Journal of Computer-Aided Molecular Design},
  volume={28},
  number={3},
  pages={135-150},
  year={2014},
  publisher={Springer}
}

@article{scaffold,
  title={The Properties of Known Drugs. 1. Molecular Frameworks},
  author={Bemis, Guy W and Murcko, Mark A},
  journal={Journal of Medicinal Chemistry},
  volume={39},
  number={15},
  pages={2887--2893},
  year={1996},
  publisher={ACS Publications}
}

@article{metric_suggestion,
  title={Recommendations for evaluation of computational methods},
  author={Jain, Ajay N and Nicholls, Anthony},
  journal={Journal of Computer-Aided Molecular Design},
  volume={22},
  number={3},
  pages={133-139},
  year={2008},
  publisher={Springer}
}

@article{ECFP,
  title={Extended-Connectivity Fingerprints},
  author={Rogers, David and Hahn, Mathew},
  journal={Journal of Chemical Information and Modeling},
  volume={50},
  number={5},
  pages={742--754},
  year={2010},
  publisher={ACS Publications}
}

@misc{RDKit,
  title={RDKit: Open-Source Cheminformatics Software},
  author={Landrum, Greg},
  howpublished = {\url{https://www.rdkit.org/}},
}

@misc{QuantumMachine,
  title={Quantum Machine},
  howpublished={\url{http://quantum-machine.org/datasets/}},
  note={Accessed: 2017-09-27}
}

@article{graphconv_feat,
  title={Convolutional Networks on Graphs for Learning Molecular Fingerprints},
  author={Duvenaud, David and Maclaurin, Dougal and Aguilera-Iparraguirre, Jorge and G\'omez-Bombarelli, Rafael and Hirzel, Timothy and Aspuru-Guzik, Al\'an and Adams, Ryan P},
  journal={arXiv preprint arXiv:1509.09292},
  year={2015}
}

@article{schutt2016quantum,
  title={Quantum-chemical insights from deep tensor neural networks},
  author={Sch{\"u}tt, Kristof T and Arbabzadah, Farhad and Chmiela, Stefan and M{\"u}ller, Klaus R and Tkatchenko, Alexandre},
  journal={arXiv preprint arXiv:1609.08259},
  year={2016}
}

@article{NNscore,
  title={NNScore 2.0: A Neural-Network Receptor-Ligand Scoring Function},
  author={Durrant, Jacob D and McCammon, J Andrew},
  journal={Journal of Chemical Information and Modeling},
  volume={51},
  number={11},
  pages={2897--2903},
  year={2011},
  publisher={ACS Publications}
}

@article{da2014structural,
  title={Structural protein--ligand interaction fingerprints (SPLIF) for structure-based virtual screening: method and benchmark study},
  author={Da, C and Kireev, D},
  journal={Journal of chemical information and modeling},
  volume={54},
  number={9},
  pages={2555--2561},
  year={2014},
  publisher={ACS Publications}
}

@article{friedman2000additive,
  title={Additive logistic regression: a statistical view of boosting (with discussion and a rejoinder by the authors)},
  author={Friedman, Jerome and Hastie, Trevor and Tibshirani, Robert and others},
  journal={The annals of statistics},
  volume={28},
  number={2},
  pages={337--407},
  year={2000},
  publisher={Institute of Mathematical Statistics}
}



@article{gomez2016automatic,
  title={Automatic chemical design using a data-driven continuous representation of molecules},
  author={G{\'o}mez-Bombarelli, Rafael and Duvenaud, David and Hern{\'a}ndez-Lobato, Jos{\'e} Miguel and Aguilera-Iparraguirre, Jorge and Hirzel, Timothy D and Adams, Ryan P and Aspuru-Guzik, Al{\'a}n},
  journal={arXiv preprint arXiv:1610.02415},
  year={2016}
}

@article{DeepLearning,
  title={Deep learning},
  author={LeCun, Yann and Bengio, Yoshua and Hinton, Geoffrey},
  journal={Nature},
  volume={521},
  number={7553},
  pages={436--444},
  year={2015},
  publisher={Nature Publishing Group}
}


@article{SMILES,
  title={SMILES, a chemical language and information system. 1. Introduction to methodology and encoding rules},
  author={Weininger, David},
  journal={Journal of chemical information and computer sciences},
  volume={28},
  number={1},
  pages={31--36},
  year={1988},
  publisher={ACS Publications}
}

@article{AtomNet,
  title={AtomNet: A Deep Convolutional Neural Network for Bioactivity Prediction in Structure-based Drug Discovery},
  author={Wallach, Izhar and Dzamba, Michael and Heifets, Abraham},
  journal={arXiv preprint arXiv:1510.02855},
  year={2015}
}

@article{kearnes2016graphconv,
  title={Molecular Graph Convolutions: Moving Beyond Fingerprints},
  author={Kearnes, Steven and McCloskey, Kevin and Berndl, Marc and Pande, Vijay and Riley, Patrick},
  journal={arXiv preprint arXiv:1603.00856},
  year={2016}
}

@inproceedings{imagenet_cvpr09,
  title={ImageNet: A Large-Scale Hierarchical Image Database},
  author={Deng, Jia and Dong, Wei and Socher, Richard and Li, Li-Jia and Li, Kai and Fei-Fei, Li},
  booktitle={CVPR09},
  year={2009}
 }
 
 @article{wordnet,
 author={Miller, George A},
 title={WordNet: A Lexical Database for English},
 journal={Communications of the ACM},
 volume = {38},
 number = {11},
 year = {1995},
 pages = {39--41},
 publisher = {ACM},
} 

@article{PrOCTOR2016,
  title={A Data-Driven Approach to Predicting Successes and Failures of Clinical Trials},
  author={Gayvert, Kaitlyn M and Madhukar, Neel S and Elemento, Olivier},
  journal={Cell Chemical Biology},
  volume={23},
  issue={10},
  pages={1294--1301},
  year={2016},
  publisher={Elsevier Ltd},
  url={http://dx.doi.org/10.1016/j.chembiol.2016.07.023},
  doi={10.1016/j.chembiol.2016.07.023},

}

@article{InSilicoMed2016,
  title={Integrated deep learned transcriptomic and structure-based predictor of clinical trials outcomes},
  author={Artemov, Artem V and Putin, Evgeny and Vanhaelen, Quentin and Aliper, Alexander and Ozerov, Ivan V and Zhavoronkov, Alex},
  journal={bioRxiv},
  pages={095653},
  year={2016},
  publisher={Cold Spring Harbor Labs Journals}
}


@article{SWEETLEAD_database,
  title={SWEETLEAD: an In Silico Database of Approved Drugs, Regulated Chemicals, and Herbal Isolates for Computer-Aided Drug Discovery},
  author={Novick, Paul A and Ortiz, Oscar F and Poelman, Jared and Abdulhay, Amir Y and Pande, Vijay S},
  doi={10.1371/journal.pone.0079568},
  journal={PLOS ONE},
  number={11},
  publisher={Public Library of Science},
  url={http://dx.doi.org/10.1371{\%}2Fjournal.pone.0079568},
  volume={8},
  year={2013}
}

@article{Bypass_network,
  title={Is Multitask Deep Learning Practical for Pharma?},
  author={Ramsundar, Bharath and Liu, Bowen and Wu, Zhenqin and Verras, Andreas and Tudor, Matthew and Sheridan, Robert P and Pande, Vijay},
  journal={Manuscript in preparation}
}

@article{IRV,
  title={Influence relevance voting: an accurate and interpretable virtual high throughput screening method},
  author={Swamidass, S. Joshua and Azencott, Chlo\'e-Agathe and Lin, Ting-Wan and Gramajo, Hugo and Tsai, Shiou-Chuan and Baldi, Pierre},
  journal={Journal of chemical information and modeling},
  volume={49},
  number={4},
  pages={756--766},
  year={2009},
  publisher={ACS Publications}
}

@misc{HIV,
  title = {AIDS Antiviral Screen Data},
  howpublished = {\url{https://wiki.nci.nih.gov/display/NCIDTPdata/AIDS+Antiviral+Screen+Data}},
  note = {Accessed: 2017-09-27}
}

@article{ILSVRC15,
  title={{ImageNet Large Scale Visual Recognition Challenge}},
  author={Russakovsky, Olga and Deng, Jia and Su, Hao and Krause, Jonathan and Satheesh, Sanjeev and Ma, Sean and Huang, Zhiheng and Karpathy, Andrej and Khosla, Aditya and Bernstein, Michael and Berg, Alexander C. and Fei-Fei, Li},
  journal={International Journal of Computer Vision (IJCV)},
  year={2015},
  volume={115},
  number={3},
  pages={211-252}
}

@inproceedings{alexnet,
  title={ImageNet Classification with Deep Convolutional Neural Networks},
  author={Krizhevsky, Alex and Sutskever, Ilya and Hinton, Geoffrey E.},
  booktitle={NIPS Proceedings},
  year={2012}
}
 
@article{googlenet,
  title={Going deeper with convolutions},
  author={Szegedy, Christian and Liu, Wei and Jia, Yangqing and Sermanet, Pierre and Reed, Scott and Anguelov, Dragomir and Erhan, Dumitru and Vanhoucke, Vincent and Rabinovich, Andrew},
  journal={arXiv preprint arXiv:1409.4842},
  year={2014}
}

@article{resnet,
  title={Deep Residual Learning for Image Recognition},
  author={He, Kaiming and Zhang, Xiangyu and Ren, Shaoqing and Sun, Jian},
  journal={arXiv preprint arXiv:1512.03385},
  year={2015}
}

@book{AUC-ROC,
  title={The Elements of Statistical Learning: Data Mining, Inference, and Prediction},
  author={Hastie, Trevor and Tibshirani, Robert and Friedman, Jerome},
  publisher={Springer},
  year={2009}
}

@article{MPNN,
  title={Neural Message Passing for Quantum Chemistry},
  author={Gilmer, Justin and Schoenholz, Samuel S and Riley, Patrick F and Vinyals, Oriol and Dahl, George E},
  journal={arXiv preprint arXiv:1704.01212},
  year={2017}
}


@article{BBBP,
  title={A Bayesian Approach to in Silico Blood-Brain Barrier Penetration Modeling},
  author={Martins, Ines F and Teixeira, Ana L and Pinheiro, Luis and Falcao, Andre O},
  journal={Journal of Chemical Information and Modeling},
  volume={52},
  number={6},
  pages={1686--1697},
  year={2012},
  publisher={ACS Publications}
}

@article{BACE-1,
  title={Computational Modeling of β.Secretase 1 (BACE-1) Inhibitors Using Ligand Based Approaches},
  author={Subramanian, Govindan and Ramsundar, Bharath and Pande, Vijay and Denny, Rajiah A},
  journal={Journal of Chemical Information and Modeling},
  volume={56},
  number={10},
  pages={1936--1949},
  year={2016},
  publisher={ACS Publications}
}

@article{QM8,
  title={Electronic spectra from TDDFT and machine learning in chemical space},
  author={Ramakrishnan, Raghunathan and Hartmann, Mia and Tapavicza, Enrico and Lilienfeld, O Anatole von},
  journal={The Journal of Chemical Physics},
  volume={143},
  pages={084111},
  year={2015},
  publisher={AIP Publishing}
}

@article{QM9,
  title={Quantum chemistry structures and properties of 134 kilo molecules},
  author={Ramakrishnan, Raghunathan and Dral, Pavlo O and Rupp, Matthias and Lilienfeld, O Anatole von},
  journal={Scientific Data},
  volume={1},
  pages={140022},
  year={2014},
  publisher={Springer Nature}
}

@article{GDB-17,
  title={Enumeration of 166 Billion Organic Small Molecules in the Chemical Universe Database GDB-17},
  author={Ruddigkeit, Lars and Deursen, Ruud van and Blum, Lorenz C and Reymond, Jean-Louis},
  journal={Journal of Chemical Information and Modeling},
  volume={52},
  number={11},
  pages={2864--2875},
  year={2012},
  publisher={ACS Publications}
}
  
@inproceedings{PRC,
  title={The Relationship Between Precision-Recall and ROC Curves},
  author={Davis, Jesse and Goadrich, Mark},
  booktitle={Proceedings of the 23rd International Conference on Machine Learning},
  year={2006}
}

@article{ANI-1,
  title={ANI-1: An extensible neural network potential with DFT accuracy at force field computational cost},
  author={Smith, Justin S and Isayev, Olexandr and Roitberg, Adrian E},
  journal={arXiv preprint arXiv:1610.08935},
  year={2016}
}

@article{SymmetryFunction,
  title={Generalized Neural-Network Representation of High-Dimensional Potential-Energy Surfaces},
  author={Behler, J\"org and Parrinello, Michele},
  journal={Physical Review Letters},
  volume={98},
  number={4},
  pages={146101},
  year={2007},
  publisher={ACS Publications}
}

@article{cortes1995support,
  title={Support-vector networks},
  author={Cortes, Corinna and Vapnik, Vladimir},
  journal={Machine learning},
  volume={20},
  number={3},
  pages={273--297},
  year={1995},
  publisher={Springer}
}

@article{friedman2001greedy,
  title={Greedy function approximation: a gradient boosting machine},
  author={Friedman, Jerome H},
  journal={Annals of statistics},
  pages={1189--1232},
  year={2001},
  publisher={JSTOR}
}

@article{set2set,
  title={Order Matters: Sequence to sequence for sets},
  author={Vinyals, Oriol and Bengio, Samy and Kudlur, Manjunath},
  journal={arXiv preprint arXiv:1511.06391},
  year={2015}
}

@techreport{Hersey2015lipo,
  title={Experimental in vitro DMPK and physicochemical data on a set of publicly disclosed compounds.},
  doi={10.6019/chembl3301361},
  url={https://doi.org/10.6019/chembl3301361},
  year={2015},
  publisher={{EMBL}-{EBI}},
  author={Anne Hersey},
}

@article{XGBoost,
  title={XGBoost: A Scalable Tree Boosting System},
  author={Chen, Tianqi and Guestrin, Carlos},
  journal={arXiv preprint arXiv:1603.02754},
  year={2016}
}

@book{zupan1999neural,
  title={Neural networks in chemistry and drug design},
  author={Zupan, Jure and Gasteiger, Johann},
  year={1999},
  publisher={John Wiley \& Sons, Inc.}
}

@article{gasteiger1993neural,
  title={Neural networks in chemistry},
  author={Gasteiger, Johann and Zupan, Jure},
  journal={Angewandte Chemie International Edition},
  volume={32},
  number={4},
  pages={503--527},
  year={1993},
  publisher={Wiley Online Library}
}

@article{mitchell2014machine,
  title={Machine learning methods in chemoinformatics},
  author={Mitchell, John BO},
  journal={Wiley Interdisciplinary Reviews: Computational Molecular Science},
  volume={4},
  number={5},
  pages={468--481},
  year={2014},
  publisher={Wiley Online Library}
}

@article{gawehn2016deep,
  title={Deep learning in drug discovery},
  author={Gawehn, Erik and Hiss, Jan A and Schneider, Gisbert},
  journal={Molecular informatics},
  volume={35},
  number={1},
  pages={3--14},
  year={2016},
  publisher={Wiley Online Library}
}

@book{devillers1996neural,
  title={Neural networks in QSAR and drug design},
  author={Devillers, James},
  year={1996},
  publisher={Academic Press}
}

@article{schneider1998artificial,
  title={Artificial neural networks for computer-based molecular design},
  author={Schneider, Gisbert and Wrede, Paul},
  journal={Progress in biophysics and molecular biology},
  volume={70},
  number={3},
  pages={175--222},
  year={1998},
  publisher={Elsevier}
}

@article{baskin1997neural,
  title={A neural device for searching direct correlations between structures and properties of chemical compounds},
  author={Baskin, Igor I and Palyulin, Vladimir A and Zefirov, Nikolai S},
  journal={Journal of chemical information and computer sciences},
  volume={37},
  number={4},
  pages={715--721},
  year={1997},
  publisher={ACS Publications}
}

@article{kireev1995chemnet,
  title={ChemNet: A novel neural network based method for graph/property mapping},
  author={Kireev, Dmitry B},
  journal={Journal of chemical information and computer sciences},
  volume={35},
  number={2},
  pages={175--180},
  year={1995},
  publisher={ACS Publications}
}

@article{schmidhuber2015deep,
  title={Deep learning in neural networks: An overview},
  author={Schmidhuber, J{\"u}rgen},
  journal={Neural networks},
  volume={61},
  pages={85--117},
  year={2015},
  publisher={Elsevier}
}

@misc{AACT,
  title = {Aggregate Analysis of ClincalTrials.gov (AACT) Database},
  howpublished = {\url{https://www.ctti-clinicaltrials.org/aact-database}},
  note = {Accessed: 2017-09-27}
}

@article{mcgibbon2017improving,
  title={Improving the accuracy of M{\o}ller-Plesset perturbation theory with neural networks},
  author={McGibbon, Robert T and Taube, Andrew G and Donchev, Alexander G and Siva, Karthik and Hern{\'a}ndez, Felipe and Hargus, Cory and Law, Ka-Hei and Klepeis, John L and Shaw, David E},
  journal={The Journal of Chemical Physics},
  volume={147},
  number={16},
  pages={161725},
  year={2017},
  publisher={AIP Publishing}
}

@misc{sklearn,
  title = {scikit-learn: Machine Learning in Python},
  howpublished = {\url{http://scikit-learn.org/stable/}},
  note = {Accessed: 2017-10-18}
}

@misc{xgb,
  title = {eXtreme Gradient Boosting},
  howpublished = {\url{https://github.com/dmlc/xgboost}},
  note = {Accessed: 2017-10-18}
}

@article{mol_conv,
Author = {David Duvenaud and Dougal Maclaurin and Jorge Aguilera-Iparraguirre and Rafael Gómez-Bombarelli and Timothy Hirzel and Alán Aspuru-Guzik and Ryan P. Adams},
Title = {Convolutional Networks on Graphs for Learning Molecular Fingerprints},
Year = {2015},
Journal = {Neural Inf. Proc. Sys. (NIPS)},
}

@article{alex_net,
Author = {Alex Krizhevsky and Ilya Sutskever and Geoffrey Hinton},
Title = {ImageNet Classification with Deep Convolutional Neural Networks},
Year = {2012},
Journal = {Neural Inf. Proc. Sys. (NIPS)},
}

@misc{ram2016,
  author = {Ramsundar, Bharath.},
  title = {deepchem.io},
  year = {2016},
  publisher = {GitHub},
  journal = {GitHub repository},
  howpublished = {\url{https://github.com/deepchem/deepchem}},
}

@misc{landrum2016,
  title = {RDKit},
  year = {2016},
  publisher = {GitHub},
  journal = {GitHub repository},
  howpublished = {\url{https://github.com/rdkit/rdkit}},
}


@article{waring2015analysis,
  title={An analysis of the attrition of drug candidates from four major pharmaceutical companies},
  author={Waring, Michael J and Arrowsmith, John and Leach, Andrew R and Leeson, Paul D and Mandrell, Sam and Owen, Robert M and Pairaudeau, Garry and Pennie, William D and Pickett, Stephen D and Wang, Jibo and Wallace, Owens and Weir, Alex},
  journal={Nature Rev. Drug Disc.},
  volume={14},
  number={7},
  pages={475--486},
  year={2015},
  publisher={Nature Publishing Group}
}


@article{wu2016google,
  title={{Google's Neural Machine Translation System: Bridging the Gap between Human and Machine Translation}},
  author={Wu, Yonghui and Schuster, Mike and Chen, Zhifeng and Le, Quoc V and Norouzi, Mohammad and Macherey, Wolfgang and Krikun, Maxim and Cao, Yuan and Gao, Qin and Macherey, Klaus and Klingner, Jeff and Shah, Apurva and Johnson, Melvin and Liu, Xiaobing and Kaiser, Łukasz and Gouws, Stephan  and Kato, Yoshikiyo and Kudo, Taku  and Kazawa, Hideto and Stevens, Keith and Kurian, George and Patil, Nishant and Wang, Wei and Young, Cliff and Smith, Jason and Riesa, Jason and Rudnick, Alex and Vinyals, Oriol and Corrado, Greg and Hughes, Macduff and Dean, Jeffrey},
  journal={arXiv preprint arXiv:1609.08144},
  year={2016}
}

@article{silver2016mastering,
  title={{Mastering the game of Go with deep neural networks and tree search}},
  author={Silver, David and Huang, Aja and Maddison, Chris J and Guez, Arthur and Sifre, Laurent and Van Den Driessche, George and Schrittwieser, Julian and Antonoglou, Ioannis and Panneershelvam, Veda and Lanctot, Marc and Dieleman, Sander and Grewe, Dominik and Nham, John and Kalchbrenner, Nal and Sutskever, Ilya and Lillicrap, Timothy and  Leach, Madeleine
  and  Kavukcuoglu, Koray and Graepel, Thore and Hassabis, Demis},
  journal={Nature},
  volume={529},
  number={7587},
  pages={484--489},
  year={2016},
  publisher={Nature Publishing Group}
}

@article{kearnes2016molecular,
  title={Molecular Graph Convolutions: Moving Beyond Fingerprints},
  author={Kearnes, Steven and McCloskey, Kevin and Berndl, Marc and Pande, Vijay and Riley, Patrick},
  journal={Journal of Computer-Aided Molecular Design},
  volume={30},
  number={8},
  pages={595--608},
  year={2016},
  publisher={Springer}
}


@article{lake2015human,
  title={Human-level concept learning through probabilistic program induction},
  author={Lake, Brenden M and Salakhutdinov, Ruslan and Tenenbaum, Joshua B},
  journal={Science},
  volume={350},
  number={6266},
  pages={1332--1338},
  year={2015},
  publisher={American Association for the Advancement of Science}
}

@article{santoro2016one,
  title={One-shot Learning with Memory-Augmented Neural Networks},
  author={Santoro, Adam and Bartunov, Sergey and Botvinick, Matthew and Wierstra, Daan and Lillicrap, Timothy},
  journal={arXiv preprint arXiv:1605.06065},
  year={2016}
}

@inproceedings{vinyals2016matching,
  title={Matching Networks for One Shot Learning},
  author={Vinyals, Oriol and Blundell, Charles and Lillicrap, Tim and Kavukcuoglu, Koray and Wierstra, Daan},
  booktitle={Advances in Neural Information Processing Systems},
  pages={3630--3638},
  year={2016}
}

@inproceedings{he2016identity,
  title={Identity Mappings in Deep Residual Networks},
  author={He, Kaiming and Zhang, Xiangyu and Ren, Shaoqing and Sun, Jian},
  booktitle={European Conference on Computer Vision},
  pages={630--645},
  year={2016},
  organization={Springer}
}

@misc{karpathy231n,
  title = {Convolutional Neural Networks},
  howpublished = {\url{http://cs231n.github.io/convolutional-networks/}},
  note = {Accessed: 2016-11-06}
}

@phdthesis{koch2015siamese,
  title={Siamese neural networks for one-shot image recognition},
  author={Koch, Gregory},
  year={2015},
  school={University of Toronto}
}

@article{graves2013hybrid,
  title={Hybrid speech recognition with deep bidirectional LSTM},
  author={Graves, Alex and Jaitly, Navdeep and Mohamed, Abdel-rahman},
  journal={Aut. Speech Rec. Und. (ASRU)},
  pages={273--278},
  year={2013},
  organization={IEEE}
}

@article{vinyals2015order,
  title={Order matters: Sequence to sequence for sets},
  author={Vinyals, Oriol and Bengio, Samy and Kudlur, Manjunath},
  journal={arXiv preprint arXiv:1511.06391},
  year={2015}
}

@article{hochreiter1997long,
  title={Long short-term memory},
  author={Hochreiter, Sepp and Schmidhuber, J{\"u}rgen},
  journal={Neural Comp.},
  volume={9},
  number={8},
  pages={1735--1780},
  year={1997},
  publisher={MIT Press}
}

@article{unterthiner2015toxicity,
  title={Toxicity prediction using deep learning},
  author={Unterthiner, Thomas and Mayr, Andreas and Klambauer, G{\"u}nter and Hochreiter, Sepp},
  journal={arXiv preprint arXiv:1503.01445},
  year={2015}
}

@article{kuhn2015sider,
  title={The SIDER database of drugs and side effects},
  author={Kuhn, Michael and Letunic, Ivica and Jensen, Lars Juhl and Bork, Peer},
  journal={Nucleic Acids Res.},
  pages={1075--1079},
  volume={44 (D1)},
  year={2015},
  publisher={Oxford Univ Press}
}

@book{corey1989logic,
  title={The logic of chemical synthesis},
  author={Corey, Elias James},
  year={1989},
  publisher={Рипол Классик}
}

@article{corey1967general,
  title={General methods for the construction of complex molecules},
  author={Corey, Elias J},
  journal={Pure and Applied chemistry},
  volume={14},
  number={1},
  pages={19--38},
  year={1967}
}

@article{corey1969computer,
  title={Computer-assisted design of complex organic syntheses},
  author={Corey, EJ and Wipke, W Todd},
  journal={Science},
  volume={166},
  number={3902},
  pages={178--192},
  year={1969},
  publisher={JSTOR}
}

@article{wender2015function,
  title={Function through synthesis-informed design},
  author={Wender, Paul A and Quiroz, Ryan V and Stevens, Matthew C},
  journal={Accounts of chemical research},
  volume={48},
  number={3},
  pages={752--760},
  year={2015},
  publisher={ACS Publications}
}

@article{wender2014toward,
  title={Toward the ideal synthesis and molecular function through synthesis-informed design},
  author={Wender, Paul A},
  journal={Natural product reports},
  volume={31},
  number={4},
  pages={433--440},
  year={2014},
  publisher={Royal Society of Chemistry}
}

@article{da2014splif,
author = {Da, C. and Kireev, D.},
title = {Structural Protein–Ligand Interaction Fingerprints (SPLIF) for Structure-Based Virtual Screening: Method and Benchmark Study},
journal = {Journal of Chemical Information and Modeling},
volume = {54},
number = {9},
pages = {2555-2561},
year = {2014}}


@article {yip1989neighbor,
author = {Yip, Virginia and Elber, Ron},
title = {Calculations of a list of neighbors in Molecular Dynamics simulations},
journal = {Journal of Computational Chemistry},
volume = {10},
number = {7},
publisher = {John Wiley & Sons, Inc.},
pages = {921--927},
year = {1989},
}

@article{behler2011atomnn,
author = {Jörg Behler},
title = {Atom-centered symmetry functions for constructing high-dimensional neural network potentials},
journal = {The Journal of Chemical Physics},
volume = {134},
number = {7},
pages = {074106},
year = {2011}}

@article{behler2007nnpes,
  title = {Generalized Neural-Network Representation of High-Dimensional Potential-Energy Surfaces},
  author = {Behler, J\"org and Parrinello, Michele},
  journal = {Phys. Rev. Lett.},
  volume = {98},
  issue = {14},
  pages = {146401},
  numpages = {4},
  year = {2007},
  month = {Apr},}
  
@article{ragoza2016protein,
  title={Protein-Ligand Scoring with Convolutional Neural Networks},
  author={Ragoza, Matthew and Hochuli, Joshua and Idrobo, Elisa and Sunseri, Jocelyn and Koes, David Ryan},
  journal={arXiv preprint arXiv:1612.02751},
  year={2016}
}

@article{abel2008role,
  title={Role of the active-site solvent in the thermodynamics of factor Xa ligand binding},
  author={Abel, Robert and Young, Tom and Farid, Ramy and Berne, Bruce J and Friesner, Richard A},
  journal={Journal of the American Chemical Society},
  volume={130},
  number={9},
  pages={2817--2831},
  year={2008},
  publisher={ACS Publications}
}
@article{behler2011neural,
  title={Neural network potential-energy surfaces in chemistry: a tool for large-scale simulations},
  author={Behler, J{\"o}rg},
  journal={Physical Chemistry Chemical Physics},
  volume={13},
  number={40},
  pages={17930--17955},
  year={2011},
  publisher={Royal Society of Chemistry}
}
@article{montavon2013machine,
  title={Machine learning of molecular electronic properties in chemical compound space},
  author={Montavon, Gr{\'e}goire and Rupp, Matthias and Gobre, Vivekanand and Vazquez-Mayagoitia, Alvaro and Hansen, Katja and Tkatchenko, Alexandre and M{\"u}ller, Klaus-Robert and Von Lilienfeld, O Anatole},
  journal={New Journal of Physics},
  volume={15},
  number={9},
  pages={095003},
  year={2013},
  publisher={IOP Publishing}
}
@article{hachmann2011harvard,
  title={The Harvard clean energy project: large-scale computational screening and design of organic photovoltaics on the world community grid},
  author={Hachmann, Johannes and Olivares-Amaya, Roberto and Atahan-Evrenk, Sule and Amador-Bedolla, Carlos and S{\'a}nchez-Carrera, Roel S and Gold-Parker, Aryeh and Vogt, Leslie and Brockway, Anna M and Aspuru-Guzik, Al{\'a}n},
  journal={The Journal of Physical Chemistry Letters},
  volume={2},
  number={17},
  pages={2241--2251},
  year={2011},
  publisher={ACS Publications}
}
@article{gomez2016design,
  title={Design of efficient molecular organic light-emitting diodes by a high-throughput virtual screening and experimental approach},
  author={G{\'o}mez-Bombarelli, Rafael and Aguilera-Iparraguirre, Jorge and Hirzel, Timothy D and Duvenaud, David and Maclaurin, Dougal and Blood-Forsythe, Martin A and Chae, Hyun Sik and Einzinger, Markus and Ha, Dong-Gwang and Wu, Tony and others},
  journal={Nature Materials},
  volume={15},
  number={10},
  pages={1120--1127},
  year={2016},
  publisher={Nature Research}
}
@article{liu2014pdb,
  title={PDB-wide collection of binding data: current status of the PDBbind database},
  author={Liu, Zhihai and Li, Yan and Han, Li and Li, Jie and Liu, Jie and Zhao, Zhixiong and Nie, Wei and Liu, Yuchen and Wang, Renxiao},
  journal={Bioinformatics},
  pages={btu626},
  year={2014},
  publisher={Oxford Univ Press}
}
@article{virshup2013stochastic,
  title={Stochastic voyages into uncharted chemical space produce a representative library of all possible drug-like compounds},
  author={Virshup, Aaron M and Contreras-Garc{\'\i}a, Julia and Wipf, Peter and Yang, Weitao and Beratan, David N},
  journal={Journal of the American Chemical Society},
  volume={135},
  number={19},
  pages={7296--7303},
  year={2013},
  publisher={ACS Publications}
}

@article{dragiev2011systematic,
  title={Systematic error detection in experimental high-throughput screening},
  author={Dragiev, Plamen and Nadon, Robert and Makarenkov, Vladimir},
  journal={BMC bioinformatics},
  volume={12},
  number={1},
  pages={25},
  year={2011},
  publisher={BioMed Central}
}

@article{wang2015accurate,
  title={Accurate and reliable prediction of relative ligand binding potency in prospective drug discovery by way of a modern free-energy calculation protocol and force field},
  author={Wang, Lingle and Wu, Yujie and Deng, Yuqing and Kim, Byungchan and Pierce, Levi and Krilov, Goran and Lupyan, Dmitry and Robinson, Shaughnessy and Dahlgren, Markus K and Greenwood, Jeremy and others},
  journal={Journal of the American Chemical Society},
  volume={137},
  number={7},
  pages={2695--2703},
  year={2015},
  publisher={ACS Publications}
}

@article{trott2010autodock,
  title={AutoDock Vina: improving the speed and accuracy of docking with a new scoring function, efficient optimization, and multithreading},
  author={Trott, Oleg and Olson, Arthur J},
  journal={Journal of computational chemistry},
  volume={31},
  number={2},
  pages={455--461},
  year={2010},
  publisher={Wiley Online Library}
}

@article{glaser2015strong,
  title={Strong scaling of general-purpose molecular dynamics simulations on GPUs},
  author={Glaser, Jens and Nguyen, Trung Dac and Anderson, Joshua A and Lui, Pak and Spiga, Filippo and Millan, Jaime A and Morse, David C and Glotzer, Sharon C},
  journal={Computer Physics Communications},
  volume={192},
  pages={97--107},
  year={2015},
  publisher={Elsevier}
}

@inproceedings{krizhevsky2012imagenet,
  title={Imagenet classification with deep convolutional neural networks},
  author={Krizhevsky, Alex and Sutskever, Ilya and Hinton, Geoffrey E},
  booktitle={Advances in neural information processing systems},
  pages={1097--1105},
  year={2012}
}

@article{durrant2010nnscore,
  title={NNScore: a neural-network-based scoring function for the characterization of protein- ligand complexes},
  author={Durrant, Jacob D and McCammon, J Andrew},
  journal={Journal of chemical information and modeling},
  volume={50},
  number={10},
  pages={1865--1871},
  year={2010},
  publisher={ACS Publications}
}

@article{durrant2011nnscore,
  title={NNScore 2.0: a neural-network receptor--ligand scoring function},
  author={Durrant, Jacob D and McCammon, J Andrew},
  journal={Journal of chemical information and modeling},
  volume={51},
  number={11},
  pages={2897--2903},
  year={2011},
  publisher={ACS Publications}
}

@article{wallach2015atomnet,
  title={AtomNet: a deep convolutional neural network for bioactivity prediction in structure-based drug discovery},
  author={Wallach, Izhar and Dzamba, Michael and Heifets, Abraham},
  journal={arXiv preprint arXiv:1510.02855},
  year={2015}
}


@article{bahdanau2014neural,
  title={Neural machine translation by jointly learning to align and translate},
  author={Bahdanau, Dzmitry and Cho, Kyunghyun and Bengio, Yoshua},
  journal={arXiv preprint arXiv:1409.0473},
  year={2014}
}



@article{wang2002further,
  title={Further development and validation of empirical scoring functions for structure-based binding affinity prediction},
  author={Wang, Renxiao and Lai, Luhua and Wang, Shaomeng},
  journal={Journal of computer-aided molecular design},
  volume={16},
  number={1},
  pages={11--26},
  year={2002},
  publisher={Springer}
}

@inproceedings{lecun1995comparison,
  title={Comparison of learning algorithms for handwritten digit recognition},
  author={LeCun, Yann and Jackel, LD and Bottou, Leon and Brunot, A and Cortes, Corinna and Denker, JS and Drucker, Harris and Guyon, I and Muller, UA and Sackinger, Eduard and others},
  booktitle={International conference on artificial neural networks},
  volume={60},
  pages={53--60},
  year={1995},
  organization={Perth, Australia}
}

@article{peterson2012chemical,
  title={Chemical accuracy in ab initio thermochemistry and spectroscopy: current strategies and future challenges},
  author={Peterson, Kirk A and Feller, David and Dixon, David A},
  journal={Theoretical Chemistry Accounts},
  volume={131},
  number={1},
  pages={1079},
  year={2012},
  publisher={Springer}
}

@article{wang2004pdbbind,
  title={The PDBbind database: Collection of binding affinities for protein- ligand complexes with known three-dimensional structures},
  author={Wang, Renxiao and Fang, Xueliang and Lu, Yipin and Wang, Shaomeng},
  journal={Journal of medicinal chemistry},
  volume={47},
  number={12},
  pages={2977--2980},
  year={2004},
  publisher={ACS Publications}
}

@article{wang2005pdbbind,
  title={The PDBbind database: methodologies and updates},
  author={Wang, Renxiao and Fang, Xueliang and Lu, Yipin and Yang, Chao-Yie and Wang, Shaomeng},
  journal={Journal of medicinal chemistry},
  volume={48},
  number={12},
  pages={4111--4119},
  year={2005},
  publisher={ACS Publications}
}

@article{segler2017modelling,
  title={Modelling chemical reasoning to predict and invent reactions},
  author={Segler, Marwin HS and Waller, Mark P},
  journal={Chemistry-A European Journal},
  volume={23},
  number={25},
  pages={6118--6128},
  year={2017},
  publisher={Wiley Online Library}
}

@article{szymkuc2016computer,
  title={Computer-Assisted Synthetic Planning: The End of the Beginning},
  author={Szymku{\'c}, Sara and Gajewska, Ewa P and Klucznik, Tomasz and Molga, Karol and Dittwald, Piotr and Startek, Micha{\l} and Bajczyk, Micha{\l} and Grzybowski, Bartosz A},
  journal={Angewandte Chemie International Edition},
  volume={55},
  number={20},
  pages={5904--5937},
  year={2016},
  publisher={Wiley Online Library}
}

@article{zimmerman2013automated,
  title={Automated discovery of chemically reasonable elementary reaction steps},
  author={Zimmerman, Paul M},
  journal={Journal of computational chemistry},
  volume={34},
  number={16},
  pages={1385--1392},
  year={2013},
  publisher={Wiley Online Library}
}

@article{martinez2017ab,
  title={Ab Initio Reactive Computer Aided Molecular Design},
  author={Mart{\'\i}nez, Todd J},
  journal={Accounts of Chemical Research},
  volume={50},
  number={3},
  pages={652--656},
  year={2017},
  publisher={ACS Publications}
}

@article{ley2015organic,
  title={Organic synthesis: march of the machines},
  author={Ley, Steven V and Fitzpatrick, Daniel E and Ingham, Richard and Myers, Rebecca M and others},
  journal={Angewandte Chemie International Edition},
  volume={54},
  number={11},
  pages={3449--3464},
  year={2015},
  publisher={Wiley Online Library}
}
